% Encoding: UTF-8
UTF: % Encoding-8

@Article{Polley2014,
  author        = {Polley, Mei-Yin C and Polley, Eric C and Huang, Erich P and Freidlin, Boris and Simon, Richard},
  title         = {Two-stage adaptive cutoff design for building and validating a prognostic biomarker signature},
  journal       = {Statistics in medicine},
  year          = {2014},
  volume        = {33},
  number        = {29},
  pages         = {5097--5110},
  __markedentry = {[m192324:5]},
  file          = {:sim6310.pdf:PDF},
  publisher     = {Wiley Online Library},
}

@Article{Kang2015,
  author        = {Kang, Le and Chen, Weijie and Petrick, Nicholas A and Gallas, Brandon D},
  title         = {Comparing two correlated C indices with right-censored survival outcome: a one-shot nonparametric approach},
  journal       = {Statistics in medicine},
  year          = {2015},
  volume        = {34},
  number        = {4},
  pages         = {685--703},
  __markedentry = {[m192324:4]},
  file          = {:nihms643928.pdf:PDF},
  publisher     = {Wiley Online Library},
}

@Article{Simon2011,
  author        = {Simon, Richard M and Subramanian, Jyothi and Li, Ming-Chung and Menezes, Supriya},
  title         = {Using cross-validation to evaluate predictive accuracy of survival risk classifiers based on high-dimensional data},
  journal       = {Briefings in bioinformatics},
  year          = {2011},
  volume        = {12},
  number        = {3},
  pages         = {203--214},
  __markedentry = {[m192324:3]},
  file          = {:bbr001.pdf:PDF},
  publisher     = {Oxford University Press},
}

@Article{Royston2013,
  author    = {Royston, Patrick and Altman, Douglas G},
  title     = {External validation of a Cox prognostic model: principles and methods},
  journal   = {BMC medical research methodology},
  year      = {2013},
  volume    = {13},
  number    = {1},
  pages     = {33},
  file      = {:1471-2288-13-33.pdf:PDF},
  publisher = {BioMed Central},
}

@Article{Chen2012,
  author    = {Chen, Hung-Chia and Kodell, Ralph L and Cheng, Kuang Fu and Chen, James J},
  title     = {Assessment of performance of survival prediction models for cancer prognosis},
  journal   = {BMC medical research methodology},
  year      = {2012},
  volume    = {12},
  number    = {1},
  pages     = {102},
  file      = {:1471-2288-12-102.pdf:PDF},
  publisher = {BioMed Central},
}

@Article{Freidlin2010,
  author    = {Freidlin, Boris and Jiang, Wenyu and Simon, Richard},
  title     = {The cross-validated adaptive signature design},
  journal   = {Clinical Cancer Research},
  year      = {2010},
  volume    = {16},
  number    = {2},
  pages     = {691--698},
  file      = {:691.full.pdf:PDF},
  publisher = {AACR},
}

@Article{Pencina2004,
  author        = {Pencina, Michael J and D'Agostino, Ralph B},
  title         = {Overall C as a measure of discrimination in survival analysis: model specific population value and confidence interval estimation},
  journal       = {Statistics in medicine},
  year          = {2004},
  volume        = {23},
  number        = {13},
  pages         = {2109--2123},
  __markedentry = {[m192324:4]},
  file          = {:Pencina_et_al-2004-Statistics_in_Medicine.pdf:PDF},
  publisher     = {Wiley Online Library},
}

@Article{Uno2011,
  author        = {Uno, Hajime and Cai, Tianxi and Pencina, Michael J and D'Agostino, Ralph B and Wei, LJ},
  title         = {On the C-statistics for evaluating overall adequacy of risk prediction procedures with censored survival data},
  journal       = {Statistics in medicine},
  year          = {2011},
  volume        = {30},
  number        = {10},
  pages         = {1105--1117},
  __markedentry = {[m192324:2]},
  file          = {:nihms255748.pdf:PDF},
  publisher     = {Wiley Online Library},
}

@Article{Heagerty2005,
  author        = {Heagerty, Patrick J and Zheng, Yingye},
  title         = {Survival model predictive accuracy and ROC curves},
  journal       = {Biometrics},
  year          = {2005},
  volume        = {61},
  number        = {1},
  pages         = {92--105},
  __markedentry = {[m192324:2]},
  file          = {:Heagerty_et_al-2005-Biometrics.pdf:PDF},
  publisher     = {Wiley Online Library},
}

@Article{Chiang2010,
  author    = {Chiang, Chin-Tsang and Hung, Hung},
  title     = {Non-parametric estimation for time-dependent AUC},
  journal   = {Journal of Statistical Planning and Inference},
  year      = {2010},
  volume    = {140},
  number    = {5},
  pages     = {1162--1174},
  file      = {:1-s2.0-S0378375809003498-main.pdf:PDF},
  publisher = {Elsevier},
}

@Article{Heagerty2000,
  author        = {Heagerty, Patrick J and Lumley, Thomas and Pepe, Margaret S},
  title         = {Time-dependent ROC curves for censored survival data and a diagnostic marker},
  journal       = {Biometrics},
  year          = {2000},
  volume        = {56},
  number        = {2},
  pages         = {337--344},
  __markedentry = {[m192324:2]},
  file          = {:Heagerty_et_al-2000-Biometrics.pdf:PDF},
  publisher     = {Wiley Online Library},
}

@Article{Pencina2012,
  author        = {Pencina, Michael J and D'Agostino, Ralph B and Song, Linye},
  title         = {Quantifying discrimination of Framingham risk functions with different survival C statistics},
  journal       = {Statistics in medicine},
  year          = {2012},
  volume        = {31},
  number        = {15},
  pages         = {1543--1553},
  __markedentry = {[m192324:4]},
  file          = {:nihms-433421.pdf:PDF},
  publisher     = {Wiley Online Library},
}

@Book{Houwelingen2011,
  title         = {Dynamic prediction in clinical survival analysis},
  publisher     = {CRC Press},
  year          = {2011},
  author        = {van Houwelingen, Hans and Putter, Hein},
  __markedentry = {[m192324:2]},
}

@Article{Harrell1996,
  author    = {Harrell, Frank E and Lee, Kerry L and Mark, Daniel B},
  title     = {Multivariable prognostic models: issues in developing models, evaluating assumptions and adequacy, and measuring and reducing errors},
  journal   = {Statistics in medicine},
  year      = {1996},
  volume    = {15},
  number    = {4},
  pages     = {361--387},
  publisher = {Wiley Online Library},
}

@Article{Korn1990,
  author    = {Korn, Edward L and Simon, Richard},
  title     = {Measures of explained variation for survival data},
  journal   = {Statistics in medicine},
  year      = {1990},
  volume    = {9},
  number    = {5},
  pages     = {487--503},
  file      = {:Korn_et_al-1990-Statistics_in_Medicine.pdf:PDF},
  publisher = {Wiley Online Library},
}

@Article{Choodari-Oskooei2012,
  author    = {Choodari-Oskooei, Babak and Royston, Patrick and Parmar, Mahesh KB},
  title     = {A simulation study of predictive ability measures in a survival model I: explained variation measures},
  journal   = {Statistics in medicine},
  year      = {2012},
  volume    = {31},
  number    = {23},
  pages     = {2627--2643},
  publisher = {Wiley Online Library},
}

@Article{Choodari-Oskooei2012a,
  author    = {Choodari-Oskooei, B and Royston, P and Parmar, Mahesh KB},
  title     = {A simulation study of predictive ability measures in a survival model II: explained randomness and predictive accuracy},
  journal   = {Statistics in medicine},
  year      = {2012},
  volume    = {31},
  number    = {23},
  pages     = {2644--2659},
  publisher = {Wiley Online Library},
}

@Article{Burr1994,
  author        = {Burr, Deborah},
  title         = {A comparison of certain bootstrap confidence intervals in the Cox model},
  journal       = {Journal of the American Statistical Association},
  year          = {1994},
  volume        = {89},
  number        = {428},
  pages         = {1290--1302},
  __markedentry = {[m192324:1]},
  file          = {:A Comparison of Certain Bootstrap Confidence Intervals in the Cox Model.pdf:PDF},
  publisher     = {Taylor \& Francis Group},
}

@Article{Efron1981,
  author        = {Efron, Bradley},
  title         = {Censored data and the bootstrap},
  journal       = {Journal of the American Statistical Association},
  year          = {1981},
  volume        = {76},
  number        = {374},
  pages         = {312--319},
  __markedentry = {[m192324:1]},
  file          = {:efron_1981.pdf:PDF},
  publisher     = {Taylor \& Francis},
}

@Article{Schmid2016,
  author        = {Schmid, Matthias and Wright, Marvin N and Ziegler, Andreas},
  title         = {On the use of Harrellâ€™s C for clinical risk prediction via random survival forests},
  journal       = {Expert Systems with Applications},
  year          = {2016},
  volume        = {63},
  pages         = {450--459},
  __markedentry = {[m192324:2]},
  publisher     = {Elsevier},
}

@Article{HarrellJr1982,
  author        = {Harrell, Frank E and Califf, Robert M and Pryor, David B and Lee, Kerry L and Rosati, Robert A and others},
  title         = {Evaluating the yield of medical tests},
  journal       = {Jama},
  year          = {1982},
  volume        = {247},
  number        = {18},
  pages         = {2543--2546},
  __markedentry = {[m192324:1]},
  file          = {:jama_247_18_030.pdf:PDF},
}

@Article{Cox,
  author  = {Cox, DR},
  title   = {Regression models and life tables (with discussion) JR Stat Soc [Ser B]},
  journal = {B34},
  year    = {1972},
  pages   = {187--220},
}

@Book{Efron1982,
  title         = {The jackknife, the bootstrap, and other resampling plans},
  publisher     = {Siam},
  year          = {1982},
  author        = {Efron, Bradley},
  volume        = {38},
  __markedentry = {[m192324:]},
}

@Article{Leon-Ferre2018,
  author        = {Leon-Ferre, Roberto A and Polley, Mei-Yin and Liu, Heshan and Gilbert, Judith A and Cafourek, Victoria and Hillman, David W and Elkhanany, Ahmed and Akinhanmi, Margaret and Lilyquist, Jenna and Thomas, Abigail and others},
  title         = {Impact of histopathology, tumor-infiltrating lymphocytes, and adjuvant chemotherapy on prognosis of triple-negative breast cancer},
  journal       = {Breast cancer research and treatment},
  year          = {2018},
  volume        = {167},
  number        = {1},
  pages         = {89--99},
  __markedentry = {[m192324:6]},
  publisher     = {Springer},
}

@Comment{jabref-meta: databaseType:bibtex;}
